[gd_scene load_steps=12 format=2]

[ext_resource path="res://Levels/Map.gd" type="Script" id=1]
[ext_resource path="res://Player/Upgrades/PowerUp.tscn" type="PackedScene" id=2]
[ext_resource path="res://Others/FakeWall.tscn" type="PackedScene" id=3]
[ext_resource path="res://Others/Objects/SavePoint.tscn" type="PackedScene" id=4]
[ext_resource path="res://Others/ZoneDoor.tscn" type="PackedScene" id=5]
[ext_resource path="res://Levels/Landing/ShipRoom.tscn" type="PackedScene" id=6]
[ext_resource path="res://Levels/Landing/ControlRoom.tscn" type="PackedScene" id=7]
[ext_resource path="res://Levels/Landing/HangarRoom.tscn" type="PackedScene" id=8]
[ext_resource path="res://Levels/Landing/Quoridor.tscn" type="PackedScene" id=9]
[ext_resource path="res://Levels/Landing/Quoridor2.tscn" type="PackedScene" id=10]
[ext_resource path="res://Others/Spikes.tscn" type="PackedScene" id=11]

[node name="Map" type="Node"]
script = ExtResource( 1 )
size = Vector2( 1780, 960 )
spawn = [ Vector2( 10, 800 ), Vector2( 1200, 570 ) ]

[node name="Objects" type="Node" parent="."]

[node name="PowerUp" parent="Objects" instance=ExtResource( 2 )]
visible = false
position = Vector2( 320, 485 )

[node name="FakeWall1" parent="Objects" instance=ExtResource( 3 )]
visible = false
position = Vector2( 320, 457.5 )
scale = Vector2( 6, 6.5 )
z_index = 1

[node name="FakeWall2" parent="Objects" instance=ExtResource( 3 )]
visible = false
position = Vector2( 455, 385 )
scale = Vector2( 9, 7 )

[node name="SavePoint" parent="Objects" instance=ExtResource( 4 )]
visible = false
position = Vector2( 445, 405 )

[node name="SavePoint2" parent="Objects" instance=ExtResource( 4 )]
visible = false
position = Vector2( 15, 265 )

[node name="ZoneWarp" parent="Objects" instance=ExtResource( 5 )]
position = Vector2( 1200, 580 )
WarpArea = 1

[node name="ZoneWarp2" parent="Objects" instance=ExtResource( 5 )]
position = Vector2( 145.7, 877.96 )
z_index = 1
WarpArea = 4

[node name="ShipRoom" parent="." instance=ExtResource( 6 )]
position = Vector2( 0, 650 )

[node name="ControlRoom" parent="." instance=ExtResource( 7 )]
position = Vector2( 740, 600 )

[node name="HangarRoom" parent="." instance=ExtResource( 8 )]
position = Vector2( 740, 100 )

[node name="Quoridor" parent="." instance=ExtResource( 9 )]
position = Vector2( 350, 800 )

[node name="Quoridor2" parent="." instance=ExtResource( 10 )]
position = Vector2( 525, 490 )

[node name="Spikes" parent="." instance=ExtResource( 11 )]
position = Vector2( 1775, 545 )
rotation = 1.5708
scale = Vector2( 9, 1 )

[node name="Spikes2" parent="." instance=ExtResource( 11 )]
position = Vector2( 980, 880 )
rotation = 1.5708
scale = Vector2( 9, 1 )
