[gd_scene load_steps=5 format=2]

[ext_resource path="res://Levels/Room.gd" type="Script" id=1]
[ext_resource path="res://Others/Floors.tscn" type="PackedScene" id=2]
[ext_resource path="res://Others/Walls.tscn" type="PackedScene" id=3]
[ext_resource path="res://Sprites/gray.png" type="Texture" id=4]

[node name="Area03" type="Node2D"]
script = ExtResource( 1 )
size = Vector2( 1210, 270 )

[node name="Area" type="Area2D" parent="."]
visible = false
collision_layer = 0

[node name="CollisionPolygon2D" type="CollisionPolygon2D" parent="Area"]
polygon = PoolVector2Array( 0, 0, 0, 270, 340, 270, 340, 200, 410, 200, 410, 140, 800, 140, 800, 270, 1210, 270, 1210, 160, 1115, 160, 1115, 0, 215, 0, 215, 120, 125, 120, 125, 0 )

[node name="Floors" type="Node2D" parent="."]

[node name="Floor1" parent="Floors" instance=ExtResource( 2 )]
position = Vector2( 170, 265 )
scale = Vector2( 34, 1 )

[node name="Floor2" parent="Floors" instance=ExtResource( 2 )]
position = Vector2( 605, 135 )
scale = Vector2( 41, 1 )

[node name="Floor3" parent="Floors" instance=ExtResource( 2 )]
position = Vector2( 1005, 265 )
scale = Vector2( 41, 1 )

[node name="Floor7" parent="Floors" instance=ExtResource( 2 )]
position = Vector2( 1157.5, 165 )
scale = Vector2( 10.5, 1 )

[node name="Floor4" parent="Floors" instance=ExtResource( 2 )]
position = Vector2( 205, 125 )
scale = Vector2( 18, 1 )

[node name="Floor5" parent="Floors" instance=ExtResource( 2 )]
position = Vector2( 665, 5 )
scale = Vector2( 90, 1 )

[node name="Floor6" parent="Floors" instance=ExtResource( 2 )]
position = Vector2( 370, 195 )
scale = Vector2( 8, 1 )

[node name="Walls" type="Node2D" parent="."]

[node name="Wall1" parent="Walls" instance=ExtResource( 3 )]
position = Vector2( 5, 135 )
scale = Vector2( 1, 27 )

[node name="Wall2" parent="Walls" instance=ExtResource( 3 )]
position = Vector2( 120, 65 )
scale = Vector2( 1, 13 )

[node name="Wall4" parent="Walls" instance=ExtResource( 3 )]
position = Vector2( 220, 65 )
scale = Vector2( 1, 13 )

[node name="Wall3" parent="Walls" instance=ExtResource( 3 )]
position = Vector2( 405, 165 )
scale = Vector2( 1, 7 )

[node name="Wall6" parent="Walls" instance=ExtResource( 3 )]
position = Vector2( 805, 200 )
scale = Vector2( 1, 14 )

[node name="Wall7" parent="Walls" instance=ExtResource( 3 )]
position = Vector2( 1110, 85 )
scale = Vector2( 1, 17 )

[node name="Wall5" parent="Walls" instance=ExtResource( 3 )]
position = Vector2( 335, 230 )
scale = Vector2( 1, 8 )

[node name="Sprite" type="Sprite" parent="."]
position = Vector2( 605, 135 )
scale = Vector2( 121, 27 )
z_index = -1
texture = ExtResource( 4 )
