[gd_scene load_steps=10 format=2]

[ext_resource path="res://Player/Player.gd" type="Script" id=1]
[ext_resource path="res://Sprites/side_run2.png" type="Texture" id=2]
[ext_resource path="res://Sprites/side_run1.png" type="Texture" id=3]
[ext_resource path="res://Sprites/side_run3.png" type="Texture" id=4]
[ext_resource path="res://Player/Gun.tscn" type="PackedScene" id=5]
[ext_resource path="res://Player/Node2D.gd" type="Script" id=6]

[sub_resource type="SpriteFrames" id=1]
animations = [ {
"frames": [ ExtResource( 2 ), ExtResource( 3 ), ExtResource( 2 ), ExtResource( 4 ) ],
"loop": true,
"name": "default",
"speed": 5.0
} ]

[sub_resource type="RectangleShape2D" id=2]
extents = Vector2( 7, 24 )

[sub_resource type="RectangleShape2D" id=3]
extents = Vector2( 5, 5 )

[node name="Player" type="KinematicBody2D"]
z_index = 2
collision_mask = 6
script = ExtResource( 1 )

[node name="Sprite" type="AnimatedSprite" parent="."]
frames = SubResource( 1 )

[node name="PhyHit" type="CollisionShape2D" parent="."]
shape = SubResource( 2 )

[node name="FloorCheck" type="RayCast2D" parent="PhyHit"]
visible = false
position = Vector2( -7, 25 )
cast_to = Vector2( 14, 0 )
collision_mask = 2

[node name="LeftWall" type="RayCast2D" parent="PhyHit"]
position = Vector2( -8, -23 )
cast_to = Vector2( 0, 46 )
collision_mask = 2

[node name="RightWall" type="RayCast2D" parent="PhyHit"]
position = Vector2( 8, -23 )
cast_to = Vector2( 0, 46 )
collision_mask = 2

[node name="DmgHit" type="Area2D" parent="."]
collision_mask = 20

[node name="CollisionShape2D" type="CollisionShape2D" parent="DmgHit"]
shape = SubResource( 3 )

[node name="Gun" parent="." instance=ExtResource( 5 )]

[node name="Node2D" type="Node2D" parent="."]
script = ExtResource( 6 )

[node name="Camera" type="Camera2D" parent="."]
limit_smoothed = true
